% Optional fields: author, title, howpublished, month, year, note
@MISC{passwords,
	author = "Passwords Conference 2014",
	howpublished = "https://passwordscon.org/",
	month = "December",
	year = 2014	
}

@inproceedings{Uellenbeck,
 author = {Uellenbeck, Sebastian and D\"{u}rmuth, Markus and Wolf, Christopher and Holz, Thorsten},
 title = {Quantifying the Security of Graphical Passwords: The Case of Android Unlock Patterns},
 booktitle = {Proceedings of the 2013 ACM SIGSAC Conference on Computer \&\#38; Communications Security},
 year = {2013},
 isbn = {978-1-4503-2477-9},
 location = {Berlin, Germany},
 url = {http://doi.acm.org/10.1145/2508859.2516700},
 doi = {10.1145/2508859.2516700},
 acmid = {2516700},
}

@ARTICLE{UnixPasswords,
  title     = "Foiling the cracker: A survey of, and improvements to, password
               security",
  author    = "Klein, D V",
  journal   = "Proceedings of the 2nd USENIX Security Workshop",
  publisher = "cs.gmu.edu",
  year      =  1990
}

@article{DeAngeli,
 author = {De Angeli, Antonella and Coventry, Lynne and Johnson, Graham and Renaud, Karen},
 title = {Is a Picture Really Worth a Thousand Words? Exploring the Feasibility of Graphical Authentication Systems},
 journal = {Int. J. Hum.-Comput. Stud.},
 issue_date = {July 2005},
 volume = {63},
 number = {1-2},
 month = jul,
 year = {2005},
 issn = {1071-5819},
 pages = {128--152},
 numpages = {25},
 url = {http://dx.doi.org/10.1016/j.ijhcs.2005.04.020},
 doi = {10.1016/j.ijhcs.2005.04.020},
 acmid = {1090419},
 publisher = {Academic Press, Inc.},
 address = {Duluth, MN, USA},
 keywords = {security, usability, user authentication, visual memory},
} 

% Optional fields: volume/number, series, address, edition, month, note
@BOOK{empiriske,
  author = {Briony J Oates},
  title = {Researching Information Systems and Computing},
  publisher = {SAGE Publications},
  year = {2006}
}